<?xml version="1.0" encoding="UTF-8" ?>
<collection xmlns:xsi="http://www.w3.org/2001/XMLSchema-instance"
    xsi:schemaLocation="http://www.loc.gov/MARC21/slim
        http://www.loc.gov/standards/marcxml/schema/MARC21slim.xsd"
    xmlns="http://www.loc.gov/MARC21/slim">
<record>
  <leader>00194cam a2200361 i 4500</leader>
  <controlfield tag="001">b21088925</controlfield>
  <controlfield tag="003">LeBAU</controlfield>
  <controlfield tag="008">180608s1930    le a          ||0 0 ara d</controlfield>
  <datafield tag="040" ind1=" " ind2=" ">
    <subfield code="a">LEAUB</subfield>
    <subfield code="b">ara</subfield>
    <subfield code="e">rda</subfield>
    <subfield code="c">LEAUB</subfield>
  </datafield>
  <datafield tag="082" ind1="0" ind2="4">
    <subfield code="a">511</subfield>
    <subfield code="2">22</subfield>
  </datafield>
  <datafield tag="100" ind1="1" ind2=" ">
    <subfield code="6">880-01</subfield>
    <subfield code="a">Mashnūq, ʻAbd Allāh,</subfield>
    <subfield code="e">author.</subfield>
  </datafield>
  <datafield tag="245" ind1="1" ind2="0">
    <subfield code="6">880-02</subfield>
    <subfield code="a">Durūs al-Ḥisāb lil-madāris al-Ibtidā’īyah :</subfield>
    <subfield code="b">uslūb jadīd li-taʻlīm al-ḥisāb wa-al-ḥisāb al-dhihnī wa-al-niẓām al-mitrī wa-al-handasah, muzayyan bi-al-ashkāl wa-al-rusūm,</subfield>
    <subfield code="p">al-ḥalaqah al-wusṭá /</subfield>
    <subfield code="c">ta’līf ʻAbd Allāh Mashnūq, mudīr Madrasat al-Banīn al-Ūlá li-Jamʻīyat al-Maqāṣid al-Khayrīyah al-Islāmīyah fī Bayrūt, Mawāhib Fākhūrī, mudarris al-riyāḍīyāt fī Madrasat al-Banīn al-Ūlá li-Jamʻīyat al-Maqāṣid al-Khayrīyah al-Islāmīyah fī Bayrūt.</subfield>
  </datafield>
  <datafield tag="264" ind1=" " ind2="1">
    <subfield code="6">880-03</subfield>
    <subfield code="a">Bayrūt :</subfield>
    <subfield code="b">Maktabat al-Kashshāf,</subfield>
    <subfield code="c">1349 H. = 1930 M.</subfield>
  </datafield>
  <datafield tag="300" ind1=" " ind2=" ">
    <subfield code="6">880-04</subfield>
    <subfield code="a">360 pages :</subfield>
    <subfield code="b">illustrations ;</subfield>
    <subfield code="c">17 cm</subfield>
  </datafield>
  <datafield tag="336" ind1=" " ind2=" ">
    <subfield code="a">text</subfield>
    <subfield code="b">txt</subfield>
    <subfield code="2">rdacontent</subfield>
  </datafield>
  <datafield tag="336" ind1=" " ind2=" ">
    <subfield code="a">still image</subfield>
    <subfield code="b">sti</subfield>
    <subfield code="2">rdacontent</subfield>
  </datafield>
  <datafield tag="337" ind1=" " ind2=" ">
    <subfield code="a">unmediated</subfield>
    <subfield code="b">n</subfield>
    <subfield code="2">rdamedia</subfield>
  </datafield>
  <datafield tag="338" ind1=" " ind2=" ">
    <subfield code="a">volume</subfield>
    <subfield code="b">nc</subfield>
    <subfield code="2">rdacarrier</subfield>
  </datafield>
  <datafield tag="650" ind1=" " ind2="4">
    <subfield code="a">الحساب</subfield>
    <subfield code="x">الدرس والتدريس (الابتدائي)</subfield>
  </datafield>
  <datafield tag="650" ind1=" " ind2="4">
    <subfield code="a">الحساب</subfield>
    <subfield code="v">كتب مدرسية.</subfield>
  </datafield>
  <datafield tag="650" ind1=" " ind2="0">
    <subfield code="a">Arithmetic</subfield>
    <subfield code="x">Study and teaching (Elementary)</subfield>
  </datafield>
  <datafield tag="650" ind1=" " ind2="0">
    <subfield code="a">Arithmetic</subfield>
    <subfield code="v">Textbooks.</subfield>
  </datafield>
  <datafield tag="700" ind1="1" ind2=" ">
    <subfield code="6">880-05</subfield>
    <subfield code="a">Fākhūrī, Mawāhib,</subfield>
    <subfield code="e">author.</subfield>
  </datafield>
  <datafield tag="852" ind1=" " ind2=" ">
    <subfield code="a">Jafet Library</subfield>
    <subfield code="e">American University of Beirut, Bliss Street , Beirut, Lebanon.</subfield>
  </datafield>
  <datafield tag="880" ind1="1" ind2=" ">
    <subfield code="6">100-01/(3/r</subfield>
    <subfield code="a">المشنوق، عبد الله،</subfield>
    <subfield code="e">مؤلف. </subfield>
    <subfield code="4">aut.</subfield>
  </datafield>
  <datafield tag="880" ind1="1" ind2="0">
    <subfield code="6">245-02/(3/r</subfield>
    <subfield code="a">دروس الحساب للمدارس الإبتدائية :</subfield>
    <subfield code="b">أسلوب جديد لتعليم الحساب والحساب الذهني والنظام المتري والهندسة، مزين بالأشكال والرسوم،</subfield>
    <subfield code="p">الحلقة الوسطى /</subfield>
    <subfield code="c">تأليف عبد الله مشنوق، مدير مدرسة البنين الأولى لجمعية المقاصد الخيرية الإسلامية في بيروت، مواهب فاخوري، مدرس الرياضيات في مدرسة البنين الأولى لجمعية المقاصد الخيرية الإسلامية في بيروت.</subfield>
  </datafield>
  <datafield tag="880" ind1=" " ind2="1">
    <subfield code="6">264-03/(3/r</subfield>
    <subfield code="a">بيروت :</subfield>
    <subfield code="b">مكتبة الكشاف،</subfield>
    <subfield code="c">1349 هـ. = 1930 م.</subfield>
  </datafield>
  <datafield tag="880" ind1=" " ind2=" ">
    <subfield code="6">300-04/(3/r</subfield>
    <subfield code="a">360 صفحة :</subfield>
    <subfield code="b">مصورات ؛</subfield>
    <subfield code="c">17 سم</subfield>
  </datafield>
  <datafield tag="880" ind1="1" ind2=" ">
    <subfield code="6">700-05/(3/r</subfield>
    <subfield code="a">فاخوري، مواهب،</subfield>
    <subfield code="e">مؤلف. </subfield>
    <subfield code="4">aut.</subfield>
  </datafield>
  <datafield tag="907" ind1=" " ind2=" ">
    <subfield code="a">.b21088925</subfield>
    <subfield code="b">18-07-16</subfield>
    <subfield code="c">18-06-08</subfield>
  </datafield>
  <datafield tag="945" ind1=" " ind2=" ">
    <subfield code="f">J</subfield>
    <subfield code="a">511:M39dbA:c.1</subfield>
    <subfield code="g">1</subfield>
    <subfield code="i">01029995</subfield>
    <subfield code="j">.i12976805</subfield>
    <subfield code="l">u0503</subfield>
  </datafield>
  <datafield tag="945" ind1=" " ind2=" ">
    <subfield code="f">J</subfield>
    <subfield code="a">511:M39dbA:c.2</subfield>
    <subfield code="g">1</subfield>
    <subfield code="i">00511285</subfield>
    <subfield code="j">.i12976817</subfield>
    <subfield code="l">u0503</subfield>
  </datafield>
  <datafield tag="998" ind1=" " ind2=" ">
    <subfield code="a">u05</subfield>
    <subfield code="b">18-06-08</subfield>
    <subfield code="c">m</subfield>
    <subfield code="d">a  </subfield>
    <subfield code="e">-</subfield>
    <subfield code="f">ara</subfield>
    <subfield code="g">le </subfield>
    <subfield code="h">0</subfield>
    <subfield code="i">0</subfield>
  </datafield>
</record>
</collection>
